<?xml version="1.0" encoding="UTF-8"?>
<collection>
    <record>
        <leader>01429cam a2200313Ki 4500</leader>
        <controlfield tag="001">99383258189806576</controlfield>
        <controlfield tag="005">20210917155211.0</controlfield>
        <controlfield tag="008">200620s2021 pl 000 0 eng d</controlfield>
        <datafield tag="020" ind1=" " ind2=" ">
            <subfield code="a">9788395771354</subfield>
            <subfield code="q">hardcover</subfield>
        </datafield>
        <datafield tag="020" ind1=" " ind2=" ">
            <subfield code="a">8395771355</subfield>
            <subfield code="q">hardcover</subfield>
        </datafield>
        <datafield tag="024" ind1="8" ind2=" ">
            <subfield code="a">16811856</subfield>
        </datafield>
        <datafield tag="035" ind1=" " ind2=" ">
            <subfield code="a">40030479908</subfield>
        </datafield>
        <datafield tag="035" ind1=" " ind2=" ">
            <subfield code="a">(OCoLC)1158579806</subfield>
        </datafield>
        <datafield tag="035" ind1=" " ind2=" ">
            <subfield code="a">(OCoLC)on1158579806</subfield>
        </datafield>
        <datafield tag="040" ind1=" " ind2=" ">
            <subfield code="a">YDX</subfield>
            <subfield code="b">eng</subfield>
            <subfield code="e">rda</subfield>
            <subfield code="c">YDX</subfield>
            <subfield code="d">YDX</subfield>
        </datafield>
        <datafield tag="049" ind1=" " ind2=" ">
            <subfield code="a">FSSG-APP-EOCR</subfield>
            <subfield code="l">31254802306601</subfield>
        </datafield>
        <datafield tag="050" ind1=" " ind2="4">
            <subfield code="a">HD75.5</subfield>
            <subfield code="b">.R54 2021</subfield>
        </datafield>
        <datafield tag="082" ind1="0" ind2="4">
            <subfield code="a">338.90015118</subfield>
            <subfield code="2">23</subfield>
        </datafield>
        <datafield tag="100" ind1="1" ind2=" ">
            <subfield code="a">Ridley, Dennis,</subfield>
            <subfield code="e">author.</subfield>
        </datafield>
        <datafield tag="245" ind1="1" ind2="0">
            <subfield code="a">Wealth :</subfield>
            <subfield code="b">explained by capitalism democracy rule of law : general theory of economics, CDR supply side scientific growth law
                unveiled from confusion to clarity /</subfield>
            <subfield code="c">Dennis Ridley.</subfield>
        </datafield>
        <datafield tag="246" ind1="3" ind2="4">
            <subfield code="a">Mystery of wealth :</subfield>
            <subfield code="b">capitalism, democracy, rule of law : why 10% are rich while 90% are poor : high CDR countries are where ideas go to
                fly, low CDR countries are where ideas go to die : from confusion to clarity : wealth &amp; poverty, demystified, econometrically :
                entrepreneurship</subfield>
        </datafield>
        <datafield tag="264" ind1=" " ind2="1">
            <subfield code="a">[Warsaw, Poland?] :</subfield>
            <subfield code="b">[Sciendo?],</subfield>
            <subfield code="c">[2021]</subfield>
        </datafield>
        <datafield tag="300" ind1=" " ind2=" ">
            <subfield code="a">vi, 339 pages ;</subfield>
            <subfield code="c">29 cm</subfield>
        </datafield>
        <datafield tag="336" ind1=" " ind2=" ">
            <subfield code="a">text</subfield>
            <subfield code="b">txt</subfield>
            <subfield code="2">rdacontent</subfield>
        </datafield>
        <datafield tag="337" ind1=" " ind2=" ">
            <subfield code="a">unmediated</subfield>
            <subfield code="b">n</subfield>
            <subfield code="2">rdamedia</subfield>
        </datafield>
        <datafield tag="338" ind1=" " ind2=" ">
            <subfield code="a">volume</subfield>
            <subfield code="b">nc</subfield>
            <subfield code="2">rdacarrier</subfield>
        </datafield>
        <datafield tag="500" ind1=" " ind2=" ">
            <subfield code="a">Place of publication from publisher's website.</subfield>
        </datafield>
        <datafield tag="590" ind1=" " ind2=" ">
            <subfield code="a">Florida State University faculty publication</subfield>
            <subfield code="9">local</subfield>
        </datafield>
        <datafield tag="650" ind1=" " ind2="0">
            <subfield code="a">Economic development</subfield>
            <subfield code="x">Mathematical models.</subfield>
        </datafield>
    </record>