
    <record>
        <leader>05817cam a2200577 i 4500</leader>
        <controlfield tag="001">99383258190006576</controlfield>
        <controlfield tag="005">20210917160210.0</controlfield>
        <controlfield tag="008">210426s2021 nyua b 001 0 eng </controlfield>
        <datafield tag="010" ind1=" " ind2=" ">
            <subfield code="a"> 2021018501</subfield>
        </datafield>
        <datafield tag="020" ind1=" " ind2=" ">
            <subfield code="a">9781536195385</subfield>
            <subfield code="q">(paperback)</subfield>
        </datafield>
        <datafield tag="020" ind1=" " ind2=" ">
            <subfield code="a">1536195383</subfield>
        </datafield>
        <datafield tag="020" ind1=" " ind2=" ">
            <subfield code="z">9781536196160</subfield>
            <subfield code="q">(adobe pdf)</subfield>
        </datafield>
        <datafield tag="024" ind1="8" ind2=" ">
            <subfield code="a">17415878</subfield>
        </datafield>
        <datafield tag="035" ind1=" " ind2=" ">
            <subfield code="a">40030716790</subfield>
        </datafield>
        <datafield tag="035" ind1=" " ind2=" ">
            <subfield code="a">(OCoLC)1249703369</subfield>
        </datafield>
        <datafield tag="035" ind1=" " ind2=" ">
            <subfield code="a">(OCoLC)on1249703369</subfield>
        </datafield>
        <datafield tag="040" ind1=" " ind2=" ">
            <subfield code="a">DLC</subfield>
            <subfield code="b">eng</subfield>
            <subfield code="e">rda</subfield>
            <subfield code="c">DLC</subfield>
            <subfield code="d">YDX</subfield>
            <subfield code="d">OCLCF</subfield>
            <subfield code="d">DLC</subfield>
        </datafield>
        <datafield tag="042" ind1=" " ind2=" ">
            <subfield code="a">pcc</subfield>
        </datafield>
        <datafield tag="043" ind1=" " ind2=" ">
            <subfield code="a">n-us---</subfield>
            <subfield code="a">e-uk---</subfield>
        </datafield>
        <datafield tag="049" ind1=" " ind2=" ">
            <subfield code="a">FSSG-APP-EOCR</subfield>
            <subfield code="l">31254802306593</subfield>
        </datafield>
        <datafield tag="050" ind1="0" ind2="0">
            <subfield code="a">E912</subfield>
            <subfield code="b">.R36 2021</subfield>
        </datafield>
        <datafield tag="082" ind1="0" ind2="0">
            <subfield code="a">363.3250973</subfield>
            <subfield code="2">23</subfield>
        </datafield>
        <datafield tag="100" ind1="1" ind2=" ">
            <subfield code="a">Ramswell, Prebble Q.,</subfield>
            <subfield code="e">author.</subfield>
        </datafield>
        <datafield tag="245" ind1="1" ind2="4">
            <subfield code="a">The rise of domestic terrorism and decline of American democracy :</subfield>
            <subfield code="b">how Brexit and the Trump presidency influenced populist empowerment and the intersection of rights, division, derision,
                decisions /</subfield>
            <subfield code="c">Prebble Q. Ramswell, PhD.</subfield>
        </datafield>
        <datafield tag="264" ind1=" " ind2="1">
            <subfield code="a">New York :</subfield>
            <subfield code="b">Nova Science Publishers,</subfield>
            <subfield code="c">[2021]</subfield>
        </datafield>
        <datafield tag="300" ind1=" " ind2=" ">
            <subfield code="a">vii, 245 pages :</subfield>
            <subfield code="b">illustrations ;</subfield>
            <subfield code="c">23 cm.</subfield>
        </datafield>
        <datafield tag="336" ind1=" " ind2=" ">
            <subfield code="a">text</subfield>
            <subfield code="b">txt</subfield>
            <subfield code="2">rdacontent</subfield>
        </datafield>
        <datafield tag="337" ind1=" " ind2=" ">
            <subfield code="a">unmediated</subfield>
            <subfield code="b">n</subfield>
            <subfield code="2">rdamedia</subfield>
        </datafield>
        <datafield tag="338" ind1=" " ind2=" ">
            <subfield code="a">volume</subfield>
            <subfield code="b">nc</subfield>
            <subfield code="2">rdacarrier</subfield>
        </datafield>
        <datafield tag="490" ind1="0" ind2=" ">
            <subfield code="a">American political, economic, and security issues</subfield>
        </datafield>
        <datafield tag="504" ind1=" " ind2=" ">
            <subfield code="a">Includes bibliographical references (pages 207-235) and index.</subfield>
        </datafield>
        <datafield tag="505" ind1="0" ind2=" ">
            <subfield code="a">The evolution of democracy -- Chapter 1: introduction -- Chapter 2: the United Kingdom: populist consumption of the
                mighty blighty -- Background and precipitating events -- Political pressure cooker -- Brexit: the vote and the results -- Chapter 3:
                politics in the West -- Australia -- Austria -- France -- Germany -- Hungary -- Italy -- Netherlands -- New Zealand -- Poland --
                Slovakia -- Spain -- Turkey -- Chapter 4: the political statein the rest of the world -- Latin America: Chile and Venezuela -- Middle
                East: Egypt and Kuwait -- Southeast Asia: Hong Kong, the Philippines, Republic of Korea -- Chapter 5: The United States: The birth of
                ameriscepticism -- An ominous beginning -- The 2016 presidential campaign trail -- An atmosphere of contention the 2016 election --
                The presidency of Donald Trump -- The domino effect -- Chapter 6: parallels and recurrent themes -- Brexit and the 45th presidency --
                Time frame and split votes -- Rise of populism -- Permissiveness -- Power of the media -- Aspirations of unity create division --
                Voting trend changes -- Global convergence -- Us vs them mentality -- Globalism a -- The age of instant access -- Power of the people
                -- Nativism and nationalism -- The decline of American democracy -- Chapter 7: an American metamorphosis -- The Precursor:
                euroscepticism -- The domestic threat -- Threat to the executive -- Executive influence -- The rise of far right and far left --
                Summary -- Chapter 8: americscepticism grips America -- Democracy in decline -- Crucial factors -- The crossroads -- Chapter 9:
                intersecting rights -- Competing interests -- Liberty leads to injustice -- Speech and expression -- Disparagement of leadership --
                Lèse-Majesté -- The way forward -- Chapter 10: conclusion: division, derision, decisions.</subfield>
        </datafield>
        <datafield tag="520" ind1=" " ind2=" ">
            <subfield code="a">"In 2016, both the United Kingdom and the United States found themselves embroiled in bitter battles, battles in which
                the citizens themselves became their own worst enemies. The Brexit campaign and campaign for the 45th presidency precipitated a
                rebirth of populism and nationalism, invigorating entire populations and inducing even the most casual observer into political action
                and discourse. Yet, in both cases, what began as an endeavor to serve the needs of the citizenry morphed into a battlefield of
                derision and division. Racism and xenophobia are no longer isolated issues affecting only small segments of society. Hate crimes, hate
                speech, and overt racial discrimination are on the rise worldwide stemming from populist empowerment. Domestic terrorism has surged
                across the West, particularly in the US. An atmosphere of hostility has emerged, pitting neighbor against neighbor, as it insidiously
                sweeps through society, permanently altering our understanding of right and wrong and law and order. These issues are now at the
                forefront of debate and have assumed a position on the frontline of political warfare worldwide. The parallels between the societal
                changes in the UK and US are not merely provocative, they are disarming, particularly in light of the ensuing rise in far-right and
                far-left terrorism across the West. In the US, this societal transformation and rise in domestic threat demonstrates a charged and
                changed political atmosphere, as well as heralding the decline of American democracy"--</subfield>
            <subfield code="c">Provided by publisher.</subfield>
        </datafield>
        <datafield tag="590" ind1=" " ind2=" ">
            <subfield code="a">Florida State University faculty publication</subfield>
            <subfield code="9">local</subfield>
        </datafield>
        <datafield tag="610" ind1="2" ind2="0">
            <subfield code="a">European Union</subfield>
            <subfield code="z">Great Britain.</subfield>
        </datafield>
        <datafield tag="610" ind1="2" ind2="7">
            <subfield code="a">European Union.</subfield>
            <subfield code="2">fast</subfield>
            <subfield code="0">(OCoLC)fst00916630</subfield>
        </datafield>
        <datafield tag="651" ind1=" " ind2="0">
            <subfield code="a">United States</subfield>
            <subfield code="x">Politics and government</subfield>
            <subfield code="y">2017-2021.</subfield>
        </datafield>
        <datafield tag="650" ind1=" " ind2="0">
            <subfield code="a">Populism</subfield>
            <subfield code="z">United States</subfield>
            <subfield code="x">History</subfield>
            <subfield code="y">21st century.</subfield>
        </datafield>
        <datafield tag="650" ind1=" " ind2="0">
            <subfield code="a">Populism</subfield>
            <subfield code="z">Great Britain</subfield>
            <subfield code="x">History</subfield>
            <subfield code="y">21st century.</subfield>
        </datafield>
        <datafield tag="650" ind1=" " ind2="0">
            <subfield code="a">Democracy</subfield>
            <subfield code="z">United States.</subfield>
        </datafield>
        <datafield tag="650" ind1=" " ind2="0">
            <subfield code="a">Democracy</subfield>
            <subfield code="z">Great Britain.</subfield>
        </datafield>
        <datafield tag="650" ind1=" " ind2="0">
            <subfield code="a">Domestic terrorism</subfield>
            <subfield code="x">Political aspects</subfield>
            <subfield code="z">United States.</subfield>
        </datafield>
        <datafield tag="650" ind1=" " ind2="0">
            <subfield code="a">Domestic terrorism</subfield>
            <subfield code="x">Political aspects</subfield>
            <subfield code="z">Great Britain.</subfield>
        </datafield>
        <datafield tag="650" ind1=" " ind2="7">
            <subfield code="a">Democracy.</subfield>
            <subfield code="2">fast</subfield>
            <subfield code="0">(OCoLC)fst00890077</subfield>
        </datafield>
        <datafield tag="650" ind1=" " ind2="7">
            <subfield code="a">Politics and government.</subfield>
            <subfield code="2">fast</subfield>
            <subfield code="0">(OCoLC)fst01919741</subfield>
        </datafield>
        <datafield tag="650" ind1=" " ind2="7">
            <subfield code="a">Populism.</subfield>
            <subfield code="2">fast</subfield>
            <subfield code="0">(OCoLC)fst01071658</subfield>
        </datafield>
        <datafield tag="651" ind1=" " ind2="7">
            <subfield code="a">Great Britain.</subfield>
            <subfield code="2">fast</subfield>
            <subfield code="0">(OCoLC)fst01204623</subfield>
        </datafield>
        <datafield tag="651" ind1=" " ind2="7">
            <subfield code="a">United States.</subfield>
            <subfield code="2">fast</subfield>
            <subfield code="0">(OCoLC)fst01204155</subfield>
        </datafield>
        <datafield tag="648" ind1=" " ind2="7">
            <subfield code="a">2000-2099</subfield>
            <subfield code="2">fast</subfield>
        </datafield>
        <datafield tag="655" ind1=" " ind2="7">
            <subfield code="a">History.</subfield>
            <subfield code="2">fast</subfield>
            <subfield code="0">(OCoLC)fst01411628</subfield>
        </datafield>
        <datafield tag="776" ind1="0" ind2="8">
            <subfield code="i">Online version:</subfield>
            <subfield code="a">Ramswell, Prebble Q.</subfield>
            <subfield code="t">Rise of domestic terrorism and decline of American democracy :</subfield>
            <subfield code="d">New York : Nova Science Publishers, [2021]</subfield>
            <subfield code="z">9781536196160</subfield>
            <subfield code="w">(DLC) 2021018502</subfield>
        </datafield>
    </record>