
    <record>
        <leader>02392cam a2200409 i 4500</leader>
        <controlfield tag="001">99383258190106576</controlfield>
        <controlfield tag="005">20210917162949.0</controlfield>
        <controlfield tag="008">210105t20212021enka b 001 0 eng d</controlfield>
        <datafield tag="020" ind1=" " ind2=" ">
            <subfield code="a">9781108820431</subfield>
            <subfield code="q">paperback</subfield>
        </datafield>
        <datafield tag="020" ind1=" " ind2=" ">
            <subfield code="a">1108820433</subfield>
            <subfield code="q">paperback</subfield>
        </datafield>
        <datafield tag="020" ind1=" " ind2=" ">
            <subfield code="z">9781108906739</subfield>
            <subfield code="q">electronic book</subfield>
        </datafield>
        <datafield tag="020" ind1=" " ind2=" ">
            <subfield code="z">9781108907057</subfield>
            <subfield code="q">electronic book</subfield>
        </datafield>
        <datafield tag="024" ind1="8" ind2=" ">
            <subfield code="a">17178635</subfield>
        </datafield>
        <datafield tag="035" ind1=" " ind2=" ">
            <subfield code="a">40030716787</subfield>
        </datafield>
        <datafield tag="035" ind1=" " ind2=" ">
            <subfield code="a">(OCoLC)1228877003</subfield>
        </datafield>
        <datafield tag="035" ind1=" " ind2=" ">
            <subfield code="a">(OCoLC)on1228877003</subfield>
        </datafield>
        <datafield tag="040" ind1=" " ind2=" ">
            <subfield code="a">YDX</subfield>
            <subfield code="b">eng</subfield>
            <subfield code="e">rda</subfield>
            <subfield code="c">YDX</subfield>
            <subfield code="d">UKMGB</subfield>
            <subfield code="d">OCLCO</subfield>
            <subfield code="d">OCLCF</subfield>
            <subfield code="d">TOH</subfield>
            <subfield code="d">NZLEP</subfield>
            <subfield code="d">YDX</subfield>
            <subfield code="d">YDXIT</subfield>
            <subfield code="d">BDX</subfield>
            <subfield code="d">GSU</subfield>
        </datafield>
        <datafield tag="049" ind1=" " ind2=" ">
            <subfield code="a">FSSG-APP-EOCR</subfield>
            <subfield code="l">31254802306775</subfield>
        </datafield>
        <datafield tag="050" ind1=" " ind2="4">
            <subfield code="a">BD450</subfield>
            <subfield code="b">.R87 2021</subfield>
        </datafield>
        <datafield tag="082" ind1="0" ind2="4">
            <subfield code="a">128</subfield>
            <subfield code="2">23</subfield>
        </datafield>
        <datafield tag="100" ind1="1" ind2=" ">
            <subfield code="a">Ruse, Michael,</subfield>
            <subfield code="e">author.</subfield>
        </datafield>
        <datafield tag="245" ind1="1" ind2="2">
            <subfield code="a">A philosopher looks at human beings /</subfield>
            <subfield code="c">Michael Ruse.</subfield>
        </datafield>
        <datafield tag="264" ind1=" " ind2="1">
            <subfield code="a">Cambridge, United Kingdom ;</subfield>
            <subfield code="a">New York, NY :</subfield>
            <subfield code="b">Cambridge University Press,</subfield>
            <subfield code="c">2021.</subfield>
        </datafield>
        <datafield tag="264" ind1=" " ind2="4">
            <subfield code="c">©2021</subfield>
        </datafield>
        <datafield tag="300" ind1=" " ind2=" ">
            <subfield code="a">xiii, 208 pages :</subfield>
            <subfield code="b">illustrations ;</subfield>
            <subfield code="c">20 cm.</subfield>
        </datafield>
        <datafield tag="336" ind1=" " ind2=" ">
            <subfield code="a">text</subfield>
            <subfield code="b">txt</subfield>
            <subfield code="2">rdacontent</subfield>
        </datafield>
        <datafield tag="337" ind1=" " ind2=" ">
            <subfield code="a">unmediated</subfield>
            <subfield code="b">n</subfield>
            <subfield code="2">rdamedia</subfield>
        </datafield>
        <datafield tag="338" ind1=" " ind2=" ">
            <subfield code="a">volume</subfield>
            <subfield code="b">nc</subfield>
            <subfield code="2">rdacarrier</subfield>
        </datafield>
        <datafield tag="490" ind1="1" ind2=" ">
            <subfield code="a">A philosopher looks at</subfield>
        </datafield>
        <datafield tag="504" ind1=" " ind2=" ">
            <subfield code="a">Includes bibliographical references and index.</subfield>
        </datafield>
        <datafield tag="520" ind1=" " ind2=" ">
            <subfield code="a">"Why do we think ourselves superior to all other animals? Are we right to think so? In this book, Michael Ruse explores
                these questions in religion, science and philosophy. Some people think that the world is an organism - and that humans, as its highest
                part, have a natural value (this view appeals particularly to people of religion). Others think that the world is a machine - and that
                we therefore have responsibility for making our own value judgements (including judgements about ourselves). Ruse provides a
                compelling analysis of these two rival views and the age-old conflict between them. In a wide-ranging and fascinating discussion, he
                draws on Darwinism and existentialism to argue that only the view that the world is a machine does justice to our humanity. This new
                series offers short and personal perspectives by expert thinkers on topics that we all encounter in our everyday lives" --</subfield>
            <subfield code="c">Provided by publisher.</subfield>
        </datafield>
        <datafield tag="590" ind1=" " ind2=" ">
            <subfield code="a">Florida State University faculty publication</subfield>
            <subfield code="9">local</subfield>
        </datafield>
        <datafield tag="650" ind1=" " ind2="0">
            <subfield code="a">Philosophical anthropology.</subfield>
        </datafield>
        <datafield tag="650" ind1=" " ind2="7">
            <subfield code="a">PHILOSOPHY / General.</subfield>
            <subfield code="2">bisacsh</subfield>
        </datafield>
        <datafield tag="650" ind1=" " ind2="7">
            <subfield code="a">Philosophical anthropology.</subfield>
            <subfield code="2">fast</subfield>
            <subfield code="0">(OCoLC)fst01060766</subfield>
        </datafield>
        <datafield tag="776" ind1="0" ind2="8">
            <subfield code="i">ebook version :</subfield>
            <subfield code="z">9781108906739</subfield>
        </datafield>
        <datafield tag="830" ind1=" " ind2="0">
            <subfield code="a">Philosopher looks at.</subfield>
        </datafield>
    </record>