
    <record>
        <leader>02469cam a2200409 i 4500</leader>
        <controlfield tag="001">99383258190306576</controlfield>
        <controlfield tag="005">20210919125239.0</controlfield>
        <controlfield tag="008">201201t20212021lau 000 p eng </controlfield>
        <datafield tag="010" ind1=" " ind2=" ">
            <subfield code="a"> 2020052697</subfield>
        </datafield>
        <datafield tag="020" ind1=" " ind2=" ">
            <subfield code="a">9780807175941</subfield>
            <subfield code="q">hardcover</subfield>
        </datafield>
        <datafield tag="020" ind1=" " ind2=" ">
            <subfield code="a">0807175943</subfield>
            <subfield code="q">hardcover</subfield>
        </datafield>
        <datafield tag="020" ind1=" " ind2=" ">
            <subfield code="a">9780807175644</subfield>
            <subfield code="q">paperback</subfield>
        </datafield>
        <datafield tag="020" ind1=" " ind2=" ">
            <subfield code="a">0807175641</subfield>
            <subfield code="q">paperback</subfield>
        </datafield>
        <datafield tag="020" ind1=" " ind2=" ">
            <subfield code="z">9780807176016</subfield>
            <subfield code="q">electronic book</subfield>
        </datafield>
        <datafield tag="020" ind1=" " ind2=" ">
            <subfield code="z">9780807176023</subfield>
            <subfield code="q">electronic publication</subfield>
        </datafield>
        <datafield tag="024" ind1="8" ind2=" ">
            <subfield code="a">17355958</subfield>
        </datafield>
        <datafield tag="035" ind1=" " ind2=" ">
            <subfield code="a">40030716782</subfield>
        </datafield>
        <datafield tag="035" ind1=" " ind2=" ">
            <subfield code="a">(OCoLC)1226073018</subfield>
        </datafield>
        <datafield tag="035" ind1=" " ind2=" ">
            <subfield code="a">(OCoLC)on1226073018</subfield>
        </datafield>
        <datafield tag="040" ind1=" " ind2=" ">
            <subfield code="a">DLC</subfield>
            <subfield code="b">eng</subfield>
            <subfield code="e">rda</subfield>
            <subfield code="c">DLC</subfield>
            <subfield code="d">OCLCO</subfield>
            <subfield code="d">OCLCF</subfield>
            <subfield code="d">BDX</subfield>
            <subfield code="d">YDX</subfield>
            <subfield code="d">UKMGB</subfield>
            <subfield code="d">YDX</subfield>
        </datafield>
        <datafield tag="042" ind1=" " ind2=" ">
            <subfield code="a">pcc</subfield>
        </datafield>
        <datafield tag="049" ind1=" " ind2=" ">
            <subfield code="a">FSSG-APP-EOCR</subfield>
            <subfield code="l">31254802306536</subfield>
        </datafield>
        <datafield tag="050" ind1="0" ind2="0">
            <subfield code="a">PS3561.I66</subfield>
            <subfield code="b">H45 2021</subfield>
        </datafield>
        <datafield tag="082" ind1="0" ind2="0">
            <subfield code="a">811/.54</subfield>
            <subfield code="2">23</subfield>
        </datafield>
        <datafield tag="100" ind1="1" ind2=" ">
            <subfield code="a">Kirby, David,</subfield>
            <subfield code="d">1944-</subfield>
            <subfield code="e">author.</subfield>
        </datafield>
        <datafield tag="245" ind1="1" ind2="0">
            <subfield code="a">Help me, information :</subfield>
            <subfield code="b">poems /</subfield>
            <subfield code="c">David Kirby.</subfield>
        </datafield>
        <datafield tag="264" ind1=" " ind2="1">
            <subfield code="a">Baton Rouge :</subfield>
            <subfield code="b">Louisiana State University Press,</subfield>
            <subfield code="c">[2021]</subfield>
        </datafield>
        <datafield tag="264" ind1=" " ind2="4">
            <subfield code="c">©2021</subfield>
        </datafield>
        <datafield tag="300" ind1=" " ind2=" ">
            <subfield code="a">ix, 119 pages ;</subfield>
            <subfield code="c">23 cm</subfield>
        </datafield>
        <datafield tag="336" ind1=" " ind2=" ">
            <subfield code="a">text</subfield>
            <subfield code="b">txt</subfield>
            <subfield code="2">rdacontent</subfield>
        </datafield>
        <datafield tag="337" ind1=" " ind2=" ">
            <subfield code="a">unmediated</subfield>
            <subfield code="b">n</subfield>
            <subfield code="2">rdamedia</subfield>
        </datafield>
        <datafield tag="338" ind1=" " ind2=" ">
            <subfield code="a">volume</subfield>
            <subfield code="b">nc</subfield>
            <subfield code="2">rdacarrier</subfield>
        </datafield>
        <datafield tag="520" ind1=" " ind2=" ">
            <subfield code="a">""Help Me, Information" is propelled by the speed and motion of the poems that define earlier acclaimed books by David
                Kirby, poems which move the way the mind does on a good day, puddle-jumping from one topic to another and then coming in for a nice
                soft landing. The poem might bounce once or twice on the tarmac, but the pilot promised he would get you to the terminal safely, and
                he does. Colloquial in tone, balancing narrative breadth with masterfully precise details, Kirby's poems traverse subjects and
                emotions with great insight and skill. "Help Me, Information" reveals the amplitude of his imagination and mercurial voice reaching
                new heights in breadth of gesture, seriousness of subtext, and the resourcefulness of his comic instincts, as his poems display a
                voracious curiosity about history, science, literature, and popular culture. Yet here he also reinvents himself with poems that recall
                the directness of Jack Gilbert, the sweep of Allen Ginsberg, and the introspection of Frank O'Hara"--</subfield>
            <subfield code="c">Provided by publisher.</subfield>
        </datafield>
        <datafield tag="590" ind1=" " ind2=" ">
            <subfield code="a">Florida State University faculty publication</subfield>
            <subfield code="9">local</subfield>
        </datafield>
        <datafield tag="655" ind1=" " ind2="7">
            <subfield code="a">Poetry.</subfield>
            <subfield code="2">fast</subfield>
            <subfield code="0">(OCoLC)fst01423828</subfield>
        </datafield>
        <datafield tag="655" ind1=" " ind2="7">
            <subfield code="a">Poetry.</subfield>
            <subfield code="2">lcgft</subfield>
        </datafield>
        <datafield tag="776" ind1="0" ind2="8">
            <subfield code="i">Online version:</subfield>
            <subfield code="a">Kirby, David,</subfield>
            <subfield code="t">Help me, information</subfield>
            <subfield code="d">Baton Rouge : Louisiana State University Press, 2021.</subfield>
            <subfield code="z">9780807176016</subfield>
            <subfield code="w">(DLC) 2020052698</subfield>
        </datafield>
    </record>