
    <record>
        <leader>04183cam a2200445 i 4500</leader>
        <controlfield tag="001">99383258190406576</controlfield>
        <controlfield tag="005">20210919131730.0</controlfield>
        <controlfield tag="008">201009s2020 mdua b 101 0 eng d</controlfield>
        <datafield tag="020" ind1=" " ind2=" ">
            <subfield code="a">9781793625731</subfield>
            <subfield code="q">(cloth)</subfield>
        </datafield>
        <datafield tag="020" ind1=" " ind2=" ">
            <subfield code="a">1793625735</subfield>
            <subfield code="q">(cloth)</subfield>
        </datafield>
        <datafield tag="020" ind1=" " ind2=" ">
            <subfield code="z">9781793625748</subfield>
            <subfield code="q">(ePub ebook)</subfield>
        </datafield>
        <datafield tag="024" ind1="8" ind2=" ">
            <subfield code="a">17003122</subfield>
        </datafield>
        <datafield tag="035" ind1=" " ind2=" ">
            <subfield code="a">40030441889</subfield>
        </datafield>
        <datafield tag="035" ind1=" " ind2=" ">
            <subfield code="a">(OCoLC)1199330725</subfield>
        </datafield>
        <datafield tag="035" ind1=" " ind2=" ">
            <subfield code="a">(OCoLC)on1199330725</subfield>
        </datafield>
        <datafield tag="040" ind1=" " ind2=" ">
            <subfield code="a">YDX</subfield>
            <subfield code="b">eng</subfield>
            <subfield code="e">rda</subfield>
            <subfield code="c">YDX</subfield>
            <subfield code="d">BDX</subfield>
            <subfield code="d">UKMGB</subfield>
            <subfield code="d">OCLCO</subfield>
            <subfield code="d">OCLCF</subfield>
            <subfield code="d">A7U</subfield>
        </datafield>
        <datafield tag="049" ind1=" " ind2=" ">
            <subfield code="a">FSSG-APP-EOCR</subfield>
            <subfield code="l">31254802306544</subfield>
        </datafield>
        <datafield tag="050" ind1=" " ind2="4">
            <subfield code="a">D849</subfield>
            <subfield code="b">.G56 2020</subfield>
        </datafield>
        <datafield tag="082" ind1="0" ind2="4">
            <subfield code="a">809.9335</subfield>
            <subfield code="2">23</subfield>
        </datafield>
        <datafield tag="245" ind1="0" ind2="0">
            <subfield code="a">Global revolutionary aesthetics and politics after Paris '68 /</subfield>
            <subfield code="c">edited by Martin Munro, William J. Cloonan, Barry J. Faulk, and Christian P. Weber.</subfield>
        </datafield>
        <datafield tag="264" ind1=" " ind2="1">
            <subfield code="a">Lanham, Maryland :</subfield>
            <subfield code="b">Lexington Books,</subfield>
            <subfield code="c">[2020]</subfield>
        </datafield>
        <datafield tag="264" ind1=" " ind2="4">
            <subfield code="c">©2020</subfield>
        </datafield>
        <datafield tag="300" ind1=" " ind2=" ">
            <subfield code="a">v, 198 pages :</subfield>
            <subfield code="b">illustrations ;</subfield>
            <subfield code="c">23 cm</subfield>
        </datafield>
        <datafield tag="336" ind1=" " ind2=" ">
            <subfield code="a">text</subfield>
            <subfield code="2">rdacontent</subfield>
        </datafield>
        <datafield tag="337" ind1=" " ind2=" ">
            <subfield code="a">unmediated</subfield>
            <subfield code="2">rdamedia</subfield>
        </datafield>
        <datafield tag="338" ind1=" " ind2=" ">
            <subfield code="a">volume</subfield>
            <subfield code="2">rdacarrier</subfield>
        </datafield>
        <datafield tag="490" ind1="1" ind2=" ">
            <subfield code="a">After the empire</subfield>
        </datafield>
        <datafield tag="504" ind1=" " ind2=" ">
            <subfield code="a">Includes bibliographical references and index.</subfield>
        </datafield>
        <datafield tag="505" ind1="0" ind2="0">
            <subfield code="t">Introduction : global revolutionary aesthetics and politics after Paris 1968 /</subfield>
            <subfield code="r">William Cloonan, Barry J. Faulk, Martin Munro, and Christian P. Weber --</subfield>
            <subfield code="t">1968-past, present, future : models of art and activism in Jannis Kounelli's Senza titolo (Untitled), 1969 /</subfield>
            <subfield code="r">Chris Bennett --</subfield>
            <subfield code="g">The</subfield>
            <subfield code="t">Quebec Spring, a new May 1968? /</subfield>
            <subfield code="r">Timo Obergöker --</subfield>
            <subfield code="t">Ghosts for the present : countercultural aesthetics and postcoloniality for contemporary Italy. The work of Wu Ming 2
                and Fare Ala /</subfield>
            <subfield code="r">Tenley Bick --</subfield>
            <subfield code="g">La</subfield>
            <subfield code="t">Fac Soixante-Huitarde : the centre universitaire expérimental de Vincennes and the afterlife of a revolutionary moment
                /</subfield>
            <subfield code="r">Paul Cohen --</subfield>
            <subfield code="t">Class struggle : Ascanio Celestini, Nanni Balestrini, and the living legacy of the Italian 1968 /</subfield>
            <subfield code="r">Giuseppina Mecchia --</subfield>
            <subfield code="t">Recalibrating memories : the divergent afterlife of Northern Ireland's 1968 /</subfield>
            <subfield code="r">Chris Reynolds --</subfield>
            <subfield code="t">Conflicts of class, race, and sexuality : reading Leïla Slimani's Chanson douce (2016) and Dans le jardin de l'ogre
                (2014) through Julia Kristeva's Post-'68 feminism /</subfield>
            <subfield code="r">Valérie K. Orlando --</subfield>
            <subfield code="t">Aftereffects of May 1968 on men and women according to Michel Houellebecq /</subfield>
            <subfield code="r">Alexis L. Chauchois and Gilles Glacet --</subfield>
            <subfield code="g">A</subfield>
            <subfield code="t">timeless spirit : revolutionary aesthetics in Roberto Bolaño's Amulet /</subfield>
            <subfield code="r">Augustus O'Neill.</subfield>
        </datafield>
        <datafield tag="520" ind1=" " ind2=" ">
            <subfield code="a">The year 2018 marked the fiftieth anniversary of May '68, a startling, by now almost mythic event which combined
                seriousness, courage, humor and theatrics. The contributions of this volume—based on papers presented the conference Does "la lutte
                continue"? The Global Afterlife of May '68 at Florida State University in March 2019—explore the ramifications of that springtime
                protest in the contemporary world. What has widely become known as the movement of ‘68 consisted, in fact, of many synchronous
                movements in different nations that promoted a great variety of political, social, and cultural agendas. While it is impossible to
                write a global history of '68, this volume presents a kaleidoscope of different perceptions, reflections, and receptions of protest in
                France, Italy, and other nations that share in common a global utopian imaginary as expressed, for example, in the slogan: "All power
                to the imagination!" The contributions of this collection show that, while all social struggles are political, many lasting changes in
                individual mentalities and social structures originated from utopian ideas that were realized first in artistic productions and their
                aesthetic reception. In this respect the various protests of May '68 continue.</subfield>
        </datafield>
        <datafield tag="590" ind1=" " ind2=" ">
            <subfield code="a">Florida State University faculty publication</subfield>
            <subfield code="9">local</subfield>
        </datafield>
        <datafield tag="650" ind1=" " ind2="0">
            <subfield code="a">Nineteen sixty-eight, A.D.</subfield>
        </datafield>
        <datafield tag="650" ind1=" " ind2="0">
            <subfield code="a">European literature</subfield>
            <subfield code="x">History and criticism.</subfield>
        </datafield>
        <datafield tag="650" ind1=" " ind2="0">
            <subfield code="a">Aesthetics, European.</subfield>
        </datafield>
        <datafield tag="650" ind1=" " ind2="0">
            <subfield code="a">Protest movements.</subfield>
        </datafield>
        <datafield tag="650" ind1=" " ind2="7">
            <subfield code="a">Aesthetics, European.</subfield>
            <subfield code="2">fast</subfield>
            <subfield code="0">(OCoLC)fst00798768</subfield>
        </datafield>
        <datafield tag="650" ind1=" " ind2="7">
            <subfield code="a">European literature.</subfield>
            <subfield code="2">fast</subfield>
            <subfield code="0">(OCoLC)fst00916751</subfield>
        </datafield>
        <datafield tag="655" ind1=" " ind2="7">
            <subfield code="a">Criticism, interpretation, etc.</subfield>
            <subfield code="2">fast</subfield>
            <subfield code="0">(OCoLC)fst01411635</subfield>
        </datafield>
        <datafield tag="776" ind1="0" ind2="8">
            <subfield code="i">ebook version :</subfield>
            <subfield code="z">9781793625748</subfield>
        </datafield>
        <datafield tag="830" ind1=" " ind2="0">
            <subfield code="a">After the empire.</subfield>
        </datafield>
    </record>
</collection>
